
    <zs:record>
      <zs:recordSchema/>
      <zs:recordPacking>xml</zs:recordPacking>
      <zs:recordData>
        <record xmlns="http://www.loc.gov/MARC21/slim">
          <leader>01274cam a22003011a 4500</leader>
          <controlfield tag="001">10152638</controlfield>
          <controlfield tag="005">20170428164354.0</controlfield>
          <controlfield tag="008">880603s1928    enkaf    bc   000 0 eng  </controlfield>
          <datafield tag="035" ind1=" " ind2=" ">
            <subfield code="9">(DLC)   30022372</subfield>
          </datafield>
          <datafield tag="906" ind1=" " ind2=" ">
            <subfield code="a">7</subfield>
            <subfield code="b">cbc</subfield>
            <subfield code="c">oclcrpl</subfield>
            <subfield code="d">u</subfield>
            <subfield code="e">ncip</subfield>
            <subfield code="f">19</subfield>
            <subfield code="g">y-gencatlg</subfield>
          </datafield>
          <datafield tag="010" ind1=" " ind2=" ">
            <subfield code="a">   30022372 </subfield>
          </datafield>
          <datafield tag="035" ind1=" " ind2=" ">
            <subfield code="a">(OCoLC)18239026</subfield>
          </datafield>
          <datafield tag="040" ind1=" " ind2=" ">
            <subfield code="a">DLC</subfield>
            <subfield code="c">RPB</subfield>
            <subfield code="d">OC</subfield>
            <subfield code="d">DLC</subfield>
          </datafield>
          <datafield tag="042" ind1=" " ind2=" ">
            <subfield code="a">premarc</subfield>
          </datafield>
          <datafield tag="050" ind1="0" ind2="0">
            <subfield code="a">NB87.M4</subfield>
            <subfield code="b">A3</subfield>
          </datafield>
          <datafield tag="100" ind1="1" ind2=" ">
            <subfield code="a">Strong, Eugénie,</subfield>
            <subfield code="d">1860-1943.</subfield>
          </datafield>
          <datafield tag="245" ind1="1" ind2="0">
            <subfield code="a">Catalogue of the Greek &amp; Roman antiques in the possession of the Right Honourable Lord Melchett :</subfield>
            <subfield code="b">at Melchet Court and 35 Lowndes Square /</subfield>
            <subfield code="c">by Eugénie Strong.</subfield>
          </datafield>
          <datafield tag="260" ind1=" " ind2=" ">
            <subfield code="a">Oxford :</subfield>
            <subfield code="b">University Press ;</subfield>
            <subfield code="a">London :</subfield>
            <subfield code="b">H. Milford,</subfield>
            <subfield code="c">1928.</subfield>
          </datafield>
          <datafield tag="300" ind1=" " ind2=" ">
            <subfield code="a">x, 55 p., 42 p. of plates :</subfield>
            <subfield code="b">ill. ;</subfield>
            <subfield code="c">36 cm.</subfield>
          </datafield>
          <datafield tag="504" ind1=" " ind2=" ">
            <subfield code="a">Bibliography: p. 55.</subfield>
          </datafield>
          <datafield tag="600" ind1="1" ind2="0">
            <subfield code="a">Melchett, Alfred Moritz Mond,</subfield>
            <subfield code="c">Baron,</subfield>
            <subfield code="d">1868-1930</subfield>
            <subfield code="x">Art collections</subfield>
            <subfield code="v">Catalogs.</subfield>
          </datafield>
          <datafield tag="650" ind1=" " ind2="0">
            <subfield code="a">Sculpture, Roman</subfield>
            <subfield code="x">Private collections</subfield>
            <subfield code="v">Catalogs.</subfield>
          </datafield>
          <datafield tag="650" ind1=" " ind2="0">
            <subfield code="a">Sculpture, Greek</subfield>
            <subfield code="x">Private collections</subfield>
            <subfield code="v">Catalogs.</subfield>
          </datafield>
          <datafield tag="650" ind1=" " ind2="0">
            <subfield code="a">Vases, Greek</subfield>
            <subfield code="x">Private collections</subfield>
            <subfield code="v">Catalogs.</subfield>
          </datafield>
          <datafield tag="650" ind1=" " ind2="0">
            <subfield code="a">Art, Classical</subfield>
            <subfield code="x">Private collections</subfield>
            <subfield code="v">Catalogs.</subfield>
          </datafield>
          <datafield tag="700" ind1="1" ind2=" ">
            <subfield code="a">Melchett, Alfred Moritz Mond,</subfield>
            <subfield code="c">Baron,</subfield>
            <subfield code="d">1868-1930.</subfield>
          </datafield>
          <datafield tag="985" ind1=" " ind2=" ">
            <subfield code="e">OCLC REPLACEMENT cdsdistr</subfield>
          </datafield>
          <datafield tag="991" ind1=" " ind2=" ">
            <subfield code="b">c-GenColl</subfield>
            <subfield code="h">NB87.M4</subfield>
            <subfield code="i">A3</subfield>
            <subfield code="t">Copy 1</subfield>
            <subfield code="w">OCLCREP</subfield>
          </datafield>
        </record>
      </zs:recordData>
      <zs:recordPosition>17</zs:recordPosition>
    </zs:record>